@inproceedings{ishino2008extraction,
  title={Extraction of road markings from aerial images},
  author={Ishino, Yuichi and Saji, Hitoshi},
  booktitle={SICE Annual Conference, 2008},
  pages={2180--2183},
  year={2008},
  organization={IEEE}
}

@inproceedings{senlet2012segmentation,
  title={Segmentation of occluded sidewalks in satellite images},
  author={Senlet, Turgay and Elgammal, Ahmed},
  booktitle={Pattern Recognition (ICPR), 2012 21st International Conference on},
  pages={805--808},
  year={2012},
  organization={IEEE}
}